@misc{IBMwebMethodsB2B2024,
  title        = {IBM webMethods B2B},
  howpublished = {\url{https://www.ibm.com/products/webmethods-b2b}},
  note         = {Accessed: 2025-05-10},
  year         = 2024,
  month        = sep,
  day          = 24,
  publisher    = {IBM},
  url          = {https://www.ibm.com/products/webmethods-b2b},
  abstract     = {IBM webMethods unifies all integrations—applications, APIs, B2B and files—across geographies, hybrid multicloud hosting environments, user personas and teams. Features include a self-service portal for partner onboarding and management, integrated IBM VAN with access to 3M+ partners, and flexible deployment on AWS and Azure.},
  keywords     = {iPaaS, B2B integration, Electronic data interchange, Data exchange, IBM webMethods B2B}
}

@misc{kms2025measure,
  title = {Just a moment...},
  howpublished = {\url{https://kms-solutions.asia/blogs/measure-roi-of-custom-software-project}},
  note = {Accessed: 2025-05-10},
  author = {{KMS Solutions}},
  year = {2025}
}

@online{haveignition2024kpis,
  title        = {KPIs for Product Managers: SDK performance},
  author       = {{Have Ignition}},
  year         = 2024,
  url          = {https://www.haveignition.com/kpis-for-product-managers/kpis-for-product-managers-sdk-performance},
  note         = {Accessed: 2025-05-10},
  organization = {haveignition.com},
  description  = {Learn about the essential KPIs for product managers to track SDK performance}
}

@online{Jurcic2025,
  author       = {Marin Jurčić},
  title        = {A Guide to Time To Market (TTM)},
  year         = {2025},
  month        = mar,
  day          = 4,
  url          = {https://productive.io/blog/time-to-market},
  note         = {Accessed: 2025-05-10},
  organization = {Productive},
  description  = {Learn how Time to Market can make or break your product's success and discover proven strategies for faster launches.}
}

@online{kleshchuk2021timetomarket,
  author       = {Sophie Kleshchuk},
  title        = {Time to Market (TTM): What Is It and Why Does It Matter},
  year         = 2021,
  month        = nov,
  day          = 18,
  url          = {https://enkonix.com/blog/time-to-market},
  note         = {Accessed: 2025-05-10},
  organization = {Enkonix},
  description  = {Learn about Time to Market (TTM) and its significance in product development. Discover how to measure TTM, make informed decisions, and accelerate it. Enkonix can assist you in speeding up your product development process.}
}

@online{Sandhu2024,
  author       = {Bharat Sandhu},
  title        = {SAP Integration Suite Delivered 345\% ROI, Boosting Efficiency by 30\%, and Granted Economic Gains for Customers},
  year         = {2024},
  month        = aug,
  day          = 27,
  url          = {https://news.sap.com/2024/08/sap-integration-suite-delivers-roi-boosts-efficiency-economic-gains/},
  note         = {Accessed: 2025-05-10},
  organization = {SAP News Center},
  description  = {A new independent study conducted by Forrester Research reveals that SAP Integration Suite delivers substantial ROI for businesses.},
}

@online{prismatic2024roi,
  author       = {{Prismatic}},
  title        = {How to Determine ROI for B2B SaaS Integrations},
  year         = 2024,
  month        = sep,
  day          = 10,
  url          = {https://prismatic.io/blog/measure-integration-roi/},
  note         = {Accessed: 2025-05-10},
  organization = {Prismatic},
  description  = {How do you calculate the ROI for your B2B SaaS integrations? See how costs, revenue, and the tools you use all contribute to integration ROI.}
}

@online{elmlearning2024customereducation,
  author       = {{ELM Learning}},
  title        = {Effective Strategies for Customer Education Programs},
  year         = 2024,
  month        = sep,
  day          = 30,
  url          = {https://elmlearning.com/blog/customer-education-programs/},
  note         = {Accessed: 2025-05-10},
  organization = {ELM Learning},
  description  = {Learn strategies and best practices for implementing effective customer education programs. Understand the basics of customer education.},
  keywords     = {Instructional Design, Customer Education, Customer Engagement, Learning Programs}
}

@online{Grigoryan2022,
  author       = {Sophie Grigoryan},
  title        = {How to Build an Effective Customer Education Strategy},
  year         = {2022},
  month        = nov,
  day          = {23},
  url          = {https://userpilot.com/blog/customer-education-strategy/},
  note         = {Accessed: 2025-05-10},
  organization = {Userpilot},
  description  = {What can a well-defined customer education strategy do for your SaaS? It helps your users experience value fast and learn about your product.},
  keywords     = {customer education, product adoption, customer success, SaaS, customer training}
}

@misc{apple2021build,
  author       = {{Apple Inc}},
  title        = {Build interactive tutorials using DocC - WWDC21 - Videos - Apple Developer},
  year         = {2021},
  month        = jun,
  day          = {10},
  howpublished = {\url{https://developer.apple.com/videos/play/wwdc2021/10235/}},
  note         = {Accessed: 2025-05-10},
  organization = {Apple Developer}
}

@misc{aws2022nnamu,
  author       = {{Amazon Web Services, Inc.}},
  title        = {Reducing Development Time by 30\% Using Amazon Q with nnamu | Case Study | AWS},
  year         = {2022},
  month        = jul,
  day          = {31},
  howpublished = {\url{https://aws.amazon.com/solutions/case-studies/nnamu/}},
  note         = {Accessed: 2025-05-10},
  organization = {Amazon Web Services, Inc.},
  abstract     = {Learn how AI startup nnamu reduced time to market and improved code quality using Amazon Q.}
}

@misc{middleware2025pricing,
  title        = {Observability Pricing | Middleware},
  author       = {{Middleware}},
  year         = {2025},
  month        = {jan},
  url          = {https://middleware.io/pricing/},
  note         = {Accessed: 2025-05-10},
  howpublished = {\url{https://middleware.io/pricing/}},
  organization = {middleware.io},
  description  = {Discover affordable pricing plans tailored to your needs. Scale with confidence using Middleware's flexible and cost-effective observability solutions.}
}

@misc{gravitee2025apigatewaypricing,
  title        = {Complete guide to API gateway pricing},
  author       = {{Gravitee.io}},
  year         = {2025},
  month        = jan,
  url          = {https://www.gravitee.io/api-gateway-pricing-guide},
  note         = {Accessed: 2025-05-10},
  howpublished = {\url{https://www.gravitee.io/api-gateway-pricing-guide}},
  institution  = {Gravitee.io},
  abstract     = {API gateway price, API gateway cost, pricing models, and API gateway price calculators help estimate API gateway costs based on usage and features.}
}

@online{deGoei2025OutcomeBasedPricing,
  author       = {Bas de Goei},
  title        = {Orb | What is outcome-based pricing? How SaaS companies use it},
  year         = {2025},
  month        = {jan},
  day          = {8},
  url          = {https://www.withorb.com/blog/outcome-based-pricing?a8e726b1_page=2},
  note         = {Accessed: 2025-05-10},
  organization = {withorb.com},
  description  = {Discover why and how outcome-based pricing can change the SaaS pricing game. Explore real-world examples and implementation strategies.}
}

@misc{VendrTeam2023,
  author       = {Vendr Team},
  title        = {Calculate TCO and ROI for effective SaaS evaluation},
  year         = {2023},
  month        = feb,
  day          = {17},
  howpublished = {\url{https://www.vendr.com/blog/measuring-saas-tco-roi}},
  note         = {Accessed: 2025-05-10},
  url          = {https://www.vendr.com/blog/measuring-saas-tco-roi},
  organization = {vendr.com},
  abstract     = {Learn how to determine the value of SaaS tools for your business by measuring their Total Cost of Ownership (TCO) and Return on Investment (ROI).}
}

@online{Strohkorb2025,
  author       = {Peter Strohkorb},
  title        = {Value-Based Pricing: A Complete Overview \& Guide},
  year         = {2025},
  month        = {jan},
  day          = {17},
  url          = {https://www.salesforce.com/sales/cpq/value-based-pricing/},
  note         = {Accessed: 2025-05-10},
  organization = {Salesforce},
  description  = {Value based pricing quantifies the value of a product or service based on its perceived value to the customer.},
}

@online{July2024HowToWrite,
  author       = {July 3},
  title        = {How to Write an Impactful Case Study: 5 Best Practices and a Template for Software Development Companies},
  year         = {2024},
  month        = jul,
  date         = {2024-07-03},
  url          = {https://www.zmistandcopy.com/blog/how-to-write-case-studies},
  note         = {Accessed: 2025-05-10},
  organization = {Zmist and Copy}
}

@misc{KaizenInstitute2021LeadTimeReduction,
  author       = {Kaizen Institute},
  title        = {{KAIZEN™ Case Study | Lead Time Reduction in Product Development}},
  year         = {2021},
  month        = nov,
  day          = {17},
  howpublished = {\url{https://kaizen.com/insights/case-study-lead-time-reduction-in-product-development/}},
  note         = {Accessed: 2025-05-10},
  url          = {https://kaizen.com/insights/case-study-lead-time-reduction-in-product-development/},
  organization = {Kaizen Institute},
  abstract     = {The constant access to information pushes consumers in a continuous search for something new and innovative. In order to keep up, organisations need a fast and agile development process. See how this company reduced its product development time by half.}
}

@misc{mlcommons_training_2018,
  author       = {Mlcommons},
  title        = {{GitHub - mlcommons/training: Reference implementations of MLPerf™ training benchmarks}},
  howpublished = {\url{https://github.com/mlcommons/training}},
  year         = 2018,
  month        = mar,
  note         = {Accessed: 2025-05-10},
  organization = {GitHub}
}

@misc{WikipediaReferenceImplementation2025,
  author       = {{Wikimedia Foundation, Inc.}},
  title        = {Reference implementation - Wikipedia},
  year         = 2004,
  howpublished = {\url{https://en.wikipedia.org/wiki/Reference_implementation}},
  note         = {Accessed: 2025-05-10},
  url          = {https://en.wikipedia.org/wiki/Reference_implementation}
}

@misc{royalcyber_integration_2025,
  title        = {Integration Services},
  howpublished = {\url{https://www.royalcyber.com/services/integration-services/}},
  note         = {Accessed: 2025-05-10; page blocked by security service},
  year         = {2025},
  organization = {Royal Cyber}
}

@misc{mulesoft2025catalyst,
  title        = {MuleSoft Catalyst Delivery Methodology},
  howpublished = {\url{https://trailhead.salesforce.com/content/learn/modules/mulesoft-catalyst-playbooks/learn-about-the-mulesoft-catalyst-delivery-methodology}},
  note         = {Accessed: 2025-05-10},
  publisher    = {Trailhead, salesforce.com},
  year         = {2025},
  url          = {https://trailhead.salesforce.com/content/learn/modules/mulesoft-catalyst-playbooks/learn-about-the-mulesoft-catalyst-delivery-methodology},
  abstract     = {Discover MuleSoft's six-path Catalyst Delivery Methodology to redefine IT operations, align KPIs, and achieve efficient integration for organization success.}
}

@misc{multishoring2025boomi,
  title        = {Dell Boomi Consulting - Boomi Integration Services},
  author       = {{Multishoring}},
  year         = {2025},
  month        = apr,
  day          = 24,
  howpublished = {\url{https://multishoring.com/boomi-integration-services/}},
  note         = {Accessed: 2025-05-10},
  organization = {Multishoring},
  keywords     = {Dell Boomi, integration services, consulting, digital transformation, Boomi AtomSphere},
  description  = {Expert Dell Boomi consulting services for integration solutions from Multishoring, including implementation, integration, and optimization of business projects.}
}

@misc{Admin2023Benefits,
  author       = {Admin},
  title        = {Benefits of establishing MuleSoft Center for Enablement (C4E)},
  year         = {2023},
  month        = jul,
  day          = {3},
  howpublished = {\url{https://middlewareadvisor.com/benefits-of-establishing-mulesoft-center-for-enablement-c4e/}},
  note         = {Accessed: 2025-05-10},
  publisher    = {Middleware Advisor},
  url          = {https://middlewareadvisor.com/benefits-of-establishing-mulesoft-center-for-enablement-c4e/}
}